<record><leader>00000cas a2200000 a 4500</leader><controlfield tag="001">8817820</controlfield><controlfield tag="008">820929d18481894ctudn ne      0    0eng  </controlfield><datafield ind1=" " ind2=" " tag="010"><subfield code="a">sn 82015483 </subfield></datafield><datafield ind1=" " ind2=" " tag="040"><subfield code="a">DLC</subfield><subfield code="b">eng</subfield><subfield code="c">DLC</subfield><subfield code="d">NPX</subfield><subfield code="d">NPU</subfield><subfield code="d">NPY</subfield><subfield code="d">DLC</subfield><subfield code="d">YOX</subfield><subfield code="d">CNW</subfield><subfield code="d">OCL</subfield><subfield code="d">CVF</subfield><subfield code="d">DLC</subfield><subfield code="d">CNW</subfield><subfield code="d">OCLCQ</subfield><subfield code="d">DLC</subfield><subfield code="d">KRTAS</subfield><subfield code="d">OCLCO</subfield><subfield code="d">OCLCQ</subfield><subfield code="d">OCLCA</subfield><subfield code="d">OCLCF</subfield></datafield><datafield ind1="1" ind2=" " tag="029"><subfield code="a">AU@</subfield><subfield code="b">000041284935</subfield></datafield><datafield ind1=" " ind2=" " tag="042"><subfield code="a">pcc</subfield></datafield><datafield ind1=" " ind2=" " tag="043"><subfield code="a">n-us-ct</subfield></datafield><datafield ind1="0" ind2="0" tag="050"><subfield code="a">Newspaper 7252</subfield></datafield><datafield ind1="0" ind2="0" tag="245"><subfield code="a">Morning journal and courier.</subfield></datafield><datafield ind1="1" ind2="3" tag="246"><subfield code="a">Daily morning journal and courier</subfield></datafield><datafield ind1="1" ind2="7" tag="246"><subfield code="a">Journal and courier</subfield></datafield><datafield ind1="1" ind2="7" tag="246"><subfield code="a">New Haven daily morning journal and courier</subfield></datafield><datafield ind1=" " ind2=" " tag="260"><subfield code="a">New Haven [Conn.] :</subfield><subfield code="b">J.B. Hotchkiss &amp; Co.,</subfield><subfield code="c">-1894.</subfield></datafield><datafield ind1=" " ind2=" " tag="300"><subfield code="a">v. :</subfield><subfield code="b">ill. ;</subfield><subfield code="c">56-76 cm.</subfield></datafield><datafield ind1=" " ind2=" " tag="310"><subfield code="a">Daily (except Sunday)</subfield></datafield><datafield ind1="1" ind2=" " tag="362"><subfield code="a">Began in 1848.</subfield></datafield><datafield ind1="0" ind2=" " tag="362"><subfield code="a">-v. 62, no. 150 (June 23, 1894).</subfield></datafield><datafield ind1=" " ind2=" " tag="500"><subfield code="a">"Pledged to religion, liberty, and law."</subfield></datafield><datafield ind1=" " ind2=" " tag="500"><subfield code="a">Publishers: Carrington, Hotchkiss &amp; Co., &lt;1864-1868&gt;; Carrington &amp; Co., &lt;1868-1876&gt;.</subfield></datafield><datafield ind1=" " ind2=" " tag="500"><subfield code="a">Whig, &lt;1850-1852&gt;; Republican, &lt;1860&gt;.</subfield></datafield><datafield ind1=" " ind2=" " tag="500"><subfield code="a">"Independent Republican."</subfield></datafield><datafield ind1=" " ind2=" " tag="500"><subfield code="a">Editors: J.B. Carrington, J.B. Hotchkiss, &lt;1850-1861&gt;.</subfield></datafield><datafield ind1=" " ind2=" " tag="515"><subfield code="a">Issues for &lt;Jan. 2, 1865&gt;-July 12, 1884 lack numbering but are called: &lt;Vol. 37&gt;-v. 52.</subfield></datafield><datafield ind1=" " ind2=" " tag="530"><subfield code="a">Available on microfilm from Library of Congress, Photoduplication Service, Connecticut State Library, Hartford, CT, and Yale University Library, Photographic Services, New Haven, CT.</subfield></datafield><datafield ind1=" " ind2=" " tag="580"><subfield code="a">Triweekly ed. also available, about 1851, title not certain.</subfield></datafield><datafield ind1=" " ind2=" " tag="580"><subfield code="a">Weekly eds.: Connecticut journal and herald and weekly courier, 1848-186, and: Connecticut herald and weekly journal, 186 -1894.</subfield></datafield><datafield ind1=" " ind2=" " tag="580"><subfield code="a">Opposition newspaper published by striking printers being tried for conspiracy to ruin the Morning journal and courier: The Jour. printer, 1871.</subfield></datafield><datafield ind1=" " ind2=" " tag="588"><subfield code="a">Description based on: Vol. 2, no. 324 (Feb. 26, 1848).</subfield></datafield><datafield ind1=" " ind2="0" tag="651"><subfield code="a">New Haven (Conn.)</subfield><subfield code="v">Newspapers.</subfield></datafield><datafield ind1=" " ind2="7" tag="655"><subfield code="a">Newspapers.</subfield><subfield code="2">fast</subfield><subfield code="0">(OCoLC)fst01423814</subfield></datafield><datafield ind1=" " ind2="7" tag="651"><subfield code="a">Connecticut</subfield><subfield code="z">New Haven.</subfield><subfield code="2">fast</subfield><subfield code="0">(OCoLC)fst01206280</subfield></datafield><datafield ind1=" " ind2=" " tag="752"><subfield code="a">United States</subfield><subfield code="b">Connecticut</subfield><subfield code="c">New Haven</subfield><subfield code="d">New Haven.</subfield></datafield><datafield ind1="1" ind2=" " tag="775"><subfield code="t">Connecticut journal and herald, and weekly courier</subfield><subfield code="w">(DLC)sn 84023014</subfield><subfield code="w">(OCoLC)10699116</subfield></datafield><datafield ind1="1" ind2=" " tag="775"><subfield code="t">Connecticut herald and weekly journal</subfield><subfield code="w">(DLC)sn 84023015</subfield><subfield code="w">(OCoLC)10699164</subfield></datafield><datafield ind1="0" ind2="4" tag="780"><subfield code="t">New Haven morning journal</subfield><subfield code="w">(DLC)sn 84023012</subfield><subfield code="w">(OCoLC)10698416</subfield></datafield><datafield ind1="0" ind2="4" tag="780"><subfield code="t">Daily morning courier (New Haven, Conn.)</subfield><subfield code="w">(DLC)sn 84023011</subfield><subfield code="w">(OCoLC)10698368</subfield></datafield><datafield ind1="0" ind2="5" tag="780"><subfield code="t">New-Haven daily herald</subfield><subfield code="g">Feb. 1848</subfield><subfield code="w">(DLC)sn 82015816</subfield><subfield code="w">(OCoLC)8810775</subfield></datafield><datafield ind1="0" ind2="0" tag="785"><subfield code="t">Daily morning journal and courier</subfield><subfield code="w">(DLC)sn 84020358</subfield><subfield code="w">(OCoLC)10667903</subfield></datafield><datafield ind1="1" ind2=" " tag="787"><subfield code="t">Jour. printer</subfield><subfield code="w">(DLC)sn 93054006</subfield></datafield><datafield ind1=" " ind2=" " tag="938"><subfield code="a">Kirtas Technologies, Inc.</subfield><subfield code="b">KRTS</subfield><subfield code="n">736103</subfield></datafield></record>